@article{farhadifar2007influence,
  title = {The {{Influence}} of {{Cell Mechanics}}, {{Cell-Cell Interactions}}, and {{Proliferation}} on {{Epithelial Packing}}},
  author = {Farhadifar, Reza and R{\"o}per, Jens-Christian and Aigouy, Benoit and Eaton, Suzanne and J{\"u}licher, Frank},
  year = {2007},
  month = dec,
  journal = {Current Biology},
  volume = {17},
  number = {24},
  pages = {2095--2104},
  issn = {09609822},
  doi = {10.1016/j.cub.2007.11.049}
}

@article{fletcher2014vertex,
  title = {Vertex {{Models}} of {{Epithelial Morphogenesis}}},
  author = {Fletcher, Alexander~G. and Osterfield, Miriam and Baker, Ruth~E. and Shvartsman, Stanislav~Y.},
  year = {2014},
  month = jun,
  journal = {Biophysical Journal},
  volume = {106},
  number = {11},
  pages = {2291--2304},
  issn = {00063495},
  doi = {10.1016/j.bpj.2013.11.4498}
}

@article{bi2016motilitydriven,
  title = {Motility-{{Driven Glass}} and {{Jamming Transitions}} in {{Biological Tissues}}},
  author = {Bi, Dapeng and Yang, Xingbo and Marchetti, M. Cristina and Manning, M. Lisa},
  year = {2016},
  month = apr,
  journal = {Physical Review X},
  volume = {6},
  number = {2},
  pages = {021011},
  issn = {2160-3308},
  doi = {10.1103/PhysRevX.6.021011}
}

@article{sknepnek2023generating,
  title = {Generating Active {{T1}} Transitions through Mechanochemical Feedback},
  author = {Sknepnek, Rastko and {Djafer-Cherif}, Ilyas and Chuai, Manli and Weijer, Cornelis and Henkes, Silke},
  year = {2023},
  month = apr,
  journal = {eLife},
  volume = {12},
  pages = {e79862},
  issn = {2050-084X},
  doi = {10.7554/eLife.79862}
}

@article{spencer2017vertex,
  title = {Vertex Stability and Topological Transitions in Vertex Models of Foams and Epithelia},
  author = {Spencer, Meryl A. and Jabeen, Zahera and Lubensky, David K.},
  year = {2017},
  month = jan,
  journal = {The European Physical Journal E},
  volume = {40},
  number = {1},
  pages = {2},
  issn = {1292-895X},
  doi = {10.1140/epje/i2017-11489-4},
  keywords = {Living systems: Multicellular Systems}
}

@misc{enwiki:1211908656,
  author = "{Wikipedia contributors}",
  title = "Centroid --- {Wikipedia}{,} The Free Encyclopedia",
  year = "2024",
  url = "https://en.wikipedia.org/w/index.php?title=Centroid&oldid=1211908656#Of_a_polygon",
  note = "[Online; accessed 9-April-2024]"
}

@misc{enwiki:1216991738,
  author = "{Wikipedia contributors}",
  title = "Shoelace formula --- {Wikipedia}{,} The Free Encyclopedia",
  year = "2024",
  url = "https://en.wikipedia.org/w/index.php?title=Shoelace_formula&oldid=1216991738#Trapezoid_formula",
  note = "[Online; accessed 9-April-2024]"
}
